%% This BibTeX bibliography file was created using BibDesk.
%% http://bibdesk.sourceforge.net/


%% Created for Mark Broerkens at 2013-11-18 16:30:26 +0100 

%% Saved with string encoding Unicode (UTF-8) 



@misc{w3c:schemapart2,
	Author = {W3C},
	Date-Added = {2013-11-18 15:29:04 +0000},
	Date-Modified = {2013-11-18 15:30:24 +0000},
	Title = {XML Schema Part 2: Datatypes},
	Url = {http://www.w3.org/TR/2001/REC-xmlschema-2-20010502/},
	Year = {2001}}

@misc{w3c:schemapart1,
	Author = {W3C},
	Date-Added = {2013-11-18 13:39:51 +0000},
	Date-Modified = {2013-11-18 15:28:17 +0000},
	Title = {XML Schema Part 1: Structures Second Edition},
	Url = {http://www.w3.org/TR/xmlschema-1/},
	Year = {2004}}

@misc{w3c:xml10,
	Author = {W3C},
	Date-Added = {2013-11-14 15:13:16 +0000},
	Date-Modified = {2013-11-14 15:14:12 +0000},
	Title = {Extensible Markup Language (XML) 1.0 (Fifth Edition)},
	Url = {http://www.w3.org/TR/xml/},
	Year = {2008},
	Bdsk-Url-1 = {http://www.w3.org/TR/xml/}}

@misc{w3c:xml11,
	Author = {W3C},
	Date-Added = {2013-11-14 14:56:05 +0000},
	Date-Modified = {2013-11-14 14:57:39 +0000},
	Title = {Extensible Markup Language (XML) 1.1 (Second Edition)},
	Url = {http://www.w3.org/TR/xml11/},
	Year = {2006},
	Bdsk-Url-1 = {http://www.w3.org/TR/xml11/}}

@misc{steinberg:emfperformance,
	Author = {David Steinberg and Marcelo Paternostro and Kenn Hussey},
	Date-Added = {2013-11-07 13:41:10 +0000},
	Date-Modified = {2013-11-07 13:50:10 +0000},
	Title = {Getting the Most out of Your Models, Performance and Extensibility with EMF},
	Url = {http://de.slideshare.net/dmsteinberg/eclipsecon-2010-getting-the-most-out-of-your-models-performance-and-extensibility-with-emf},
	Year = {2010},
	Bdsk-Url-1 = {http://de.slideshare.net/dmsteinberg/eclipsecon-2010-getting-the-most-out-of-your-models-performance-and-extensibility-with-emf}}

@misc{merks:performance,
	Author = {Ed Merks},
	Date-Added = {2013-11-07 07:44:54 +0000},
	Date-Modified = {2013-11-07 07:55:06 +0000},
	Howpublished = {EclipseCon Europe},
	Title = {The Art of Java Performance Tuning},
	Url = {http://wiki.eclipse.org/images/c/ca/JavaPerformanceTuning.pdf},
	Year = {2012},
	Bdsk-Url-1 = {http://wiki.eclipse.org/images/c/ca/JavaPerformanceTuning.pdf}}

@misc{java:autoboxing,
	Author = {Oracle},
	Date-Added = {2013-11-06 12:49:09 +0000},
	Date-Modified = {2013-11-07 07:54:04 +0000},
	Title = {Java Programming Language, Autoboxing},
	Url = {http://docs.oracle.com/javase/1.5.0/docs/guide/language/autoboxing.html},
	Bdsk-Url-1 = {http://docs.oracle.com/javase/1.5.0/docs/guide/language/autoboxing.html}}

@misc{eclipse:xmlschemamapping,
	Author = {{Frank Budinsky}},
	Date-Added = {2013-10-29 11:49:48 +0000},
	Date-Modified = {2013-11-07 08:22:26 +0000},
	Title = {{XML Schema to Ecore Mapping}},
	Url = {http://www.eclipse.org/modeling/emf/docs/overviews/XMLSchemaToEcoreMapping.pdf},
	Year = {2004},
	Bdsk-Url-1 = {http://www.eclipse.org/modeling/emf/docs/overviews/XMLSchemaToEcoreMapping.pdf}}

@misc{omg:xmi12,
	Author = {{Object Management Group ({O}{M}{G})}},
	Date-Added = {2013-10-29 11:19:21 +0000},
	Date-Modified = {2013-11-07 10:24:15 +0000},
	Title = {{OMG} {XML} Metadata Interchange ({XMI}) Specification, version 1.2},
	Year = {2002}}

@misc{omg:xmi241,
	Author = {{Object Management Group ({O}{M}{G})}},
	Date-Added = {2013-10-29 10:17:51 +0000},
	Date-Modified = {2013-11-07 10:23:47 +0000},
	Institution = {OMG},
	Title = {{OMG} {MOF} 2 XMI Mapping Specification, version 2.4.1},
	Year = {2013}}
